<?xml version="1.0" encoding="UTF-8"?><collection><record><leader>08619ntm a2200625 a 4500</leader><controlfield tag="001">006803025</controlfield><controlfield tag="003">MiAaHDL</controlfield><controlfield tag="005">20190719000000.0</controlfield><controlfield tag="006">m        d        </controlfield><controlfield tag="007">cr bn ---auaua</controlfield><controlfield tag="008">090526s1719    xx            00| ||ara d</controlfield><datafield tag="035" ind1=" " ind2=" "><subfield code="a">(MiU)006803025</subfield></datafield><datafield tag="035" ind1=" " ind2=" "><subfield code="a">sdr-miu006803025</subfield></datafield><datafield tag="040" ind1=" " ind2=" "><subfield code="a">MiU</subfield><subfield code="c">MiU</subfield><subfield code="e">amremm</subfield></datafield><datafield tag="043" ind1=" " ind2=" "><subfield code="a">n-us-mi</subfield></datafield><datafield tag="100" ind1="0" ind2=" "><subfield code="6">880-01</subfield><subfield code="a">Badr al-Dīn al-Dhahabī.</subfield></datafield><datafield tag="245" ind1="1" ind2="0"><subfield code="6">880-03</subfield><subfield code="a">[Wasāʼil al-sāʼil maʻa Risālah fī inshāʼ al-shaykh Shams al-Dīn al-Nawājī,</subfield><subfield code="f">1132, i.e. 1719].</subfield></datafield><datafield tag="260" ind1=" " ind2=" "><subfield code="c">[1719].</subfield></datafield><datafield tag="300" ind1=" " ind2=" "><subfield code="a">149 leaves :</subfield><subfield code="b">paper ;</subfield><subfield code="c">200 x 150 mm.</subfield></datafield><datafield tag="500" ind1=" " ind2=" "><subfield code="a">Shelfmark: Ann Arbor, University of Michigan, Special Collections Library, Isl. Ms. 256</subfield></datafield><datafield tag="500" ind1=" " ind2=" "><subfield code="a">Origin: As appears in colophon on p.271, Wasāʼil al-sāʼil copied from an exemplar in the hand of the author with transcription completed ("wa-kāna al-farāgh min raqmih...") 22 Muḥarram 1132 [ca. 5 December 1719]. As appears in colophon on p.301, transcription of Nubdhah min inshāʼ al-shaykh Shams al-Dīn al-Nawājī completed 28 Muḥarram 1132 [ca. 11 December 1719].</subfield></datafield><datafield tag="500" ind1=" " ind2=" "><subfield code="a">Former shelfmark: "252 T. D. M. [i.e. Tammaro De Marinis]" inscribed in pencil on verso of front flyleaf (p.2) ; "126" inscribed in pencil on 'title page' (p.5).</subfield></datafield><datafield tag="500" ind1=" " ind2=" "><subfield code="a">Binding: Pasteboards (thin, semi-limp) faced in dark red leather with dark brown leather now over spine and edges / turn-ins (possibly a repair) ; Type II binding (with flap) ; pastedowns and flyleaves in bright magenta coated paper ; upper and lower covers carry central blind-stamped mandorla (filled with symmetrical vegetal composition) and flanking rosettes (typically seen on envelope flap compositions), along with constellations of tooled rosette accents and border in a series of s-shaped stamps and outermost gold fillets (over edging) ; sewn in golden yellow thread, two stations ; worked chevron endbands in golden yellow and red, good condition ; overall in good condition with minor abrasion and staining.</subfield></datafield><datafield tag="500" ind1=" " ind2=" "><subfield code="a">Support: European laid paper with 10 laid lines per cm. (vertical), chain lines spaced 23 mm. apart (horizontal) and no watermarks visible though perhaps cut off or otherwise obscured ; creamy and well-burnished ; some ink burn to breakthrough ; repairs in European wove paper.</subfield></datafield><datafield tag="500" ind1=" " ind2=" "><subfield code="a">Decoration: Illuminated headpiece (ʻunwān) at opening of Wasāʼil al-sāʼil on p.6, partially damaged and restored, consisting of rectangular piece with empty gold cartouche surmounted by scalloped semi-circular piece (dome) filled with swirling vegetal decoration, mainly in red and gold ; Section headings and keywords rubricated ; textual dividers in the form of red inverted commas ; written area of incipit and facing page surrounded by frame consisting of gold band with red and black rules ; written area in bulk of text surrounded by red-rule border.</subfield></datafield><datafield tag="500" ind1=" " ind2=" "><subfield code="a">Script: Naskh ; clear Egyptian, 'Syrian,' or Turkish hand ; extensively but somewhat inconsistently seriffed with right-sloping head-serif on ascenders of alif (even freestanding), lām, ṭāʼ and ẓāʼ ; some elongation of horizontal strokes ; pointing for two and three dots in lines, with three dots represented by a curved mark resembling the letter dāl ; mainly curvilinear descenders ; freely ligatured.</subfield></datafield><datafield tag="500" ind1=" " ind2=" "><subfield code="a">Layout: Written mainly in 23 lines per page with written area often divided to two columns to set off poetry ; frame-ruled.</subfield></datafield><datafield tag="500" ind1=" " ind2=" "><subfield code="a">Collation: ii, 4 V(40), IV (48), II (52), 2 IV(68), 3 V(98), III (104), V (114), 3 IV(138), V+1 (149), ii ; quinions and quaternions ; catchwords present ; foliation in black ink, Hindu-Arabic numerals ; pagination in pencil, Western numerals, supplied during digitization (includes flyleaves).</subfield></datafield><datafield tag="500" ind1=" " ind2=" "><subfield code="a">Colophon: [Wasāʼil al-sāʼil] "Scribal," triangular, reads: "وهذا اخر ما وجدناه مكتتبا من كلام هذا الامام روح الله سبحانه وتعالى روحه وجعل من الرحيق المختوم غبوقه وصبوحه بمنه وكرمه وكان الفراغ من رقمه وقت العصر من يوم الاثنين المبارك ثاني عشري محرم الحرام افتتاح عام اثنين وثلاثين بعد مائة والف احسن الله سبحانه وتعالى ختامها آمين ونقل جميعه من خط الناظم رحمه الله تعالى وصلى الله على خير خلقه محمد وعلى آله وصحبه وسلم" ; [Nubdhah min inshāʼ al-Shaykh Shams al-Dīn al-Nawājī] "Scribal," triangular, reads: "وهذا اخر ما يسر الله كتابته من كلام هذا الامام عليه رحمة الملك العلام وكان الفراغ من كتابته في اليوم الثامن والعشرين من شهر محرم الحرام افتتاح عام اثنين وثلاثين بعد مائة والف خلت من الهجرة النبوية على مشرفها افضل الصلاة وازكى التحية وعلى آله وصحبه ذوي الرتب العلية"</subfield></datafield><datafield tag="500" ind1=" " ind2=" "><subfield code="a">Incipit: [Wasāʼil al-sāʼil] "حمدا لمن اطلع ثمار الادب على افنان الالسنة العربية ... وبعد فان مما يشفي القريحة الجريحة ... اعمال البدائية في انواع المحاضرات ... الاستاذ الاعظم والملاذ المعظم المولى محمد زين العابدين ... امرني وله الفضل ان اجمع له من ذلك ما هو حسب الامكان من الوجدان فاجبته قائما على قدم الطاعة ... سميتها وسائل السائل ورتبها على حروف المعجم وعلى الله القبول ..." ; [Nubdhah min inshāʼ al-Shaykh Shams al-Dīn al-Nawājī] "الحمد لله الذي فضل صناعة الكتابة وزاد اهلها شرفا وزينا ... وبعد فاعلم الكتابة علم شريف وفن لطيف لا يألفها الا صاحب ذوق سليم ولا يأنفه الا طبع غير مستقيم</subfield></datafield><datafield tag="500" ind1=" " ind2=" "><subfield code="a">Title supplied by cataloguer from 'title page' (p.5).</subfield></datafield><datafield tag="500" ind1=" " ind2=" "><subfield code="a">Ms. codex.</subfield></datafield><datafield tag="505" ind1="0" ind2=" "><subfield code="a">4. p.302-p.306 : [blank].</subfield></datafield><datafield tag="505" ind1="0" ind2=" "><subfield code="a">3. p.272-p.301 : Nubdhah min inshāʼ al-shaykh al-imām al-ʻallāmah Shams al-Dīn al-Nawājī.</subfield></datafield><datafield tag="505" ind1="0" ind2=" "><subfield code="a">2. p.5-p.271 : Wasāʼil al-sāʼil / Badr al-Dīn al-Dhahabī [?].</subfield></datafield><datafield tag="505" ind1="0" ind2=" "><subfield code="a">1. p.1-p.4 : [blank].</subfield></datafield><datafield tag="510" ind1="4" ind2=" "><subfield code="a">Brockelmann, C. GAL,</subfield><subfield code="c">II 56.</subfield></datafield><datafield tag="520" ind1="8" ind2=" "><subfield code="a">Fine copy of Wasāʼil al-sāʼil a collection of poems and prose attributed to Badr al-Dīn al-Dhahabī [?], compiled on the order of al-Mawlá Muḥammad Zayn al-ʻĀbidīn. Followed by a selection of essays by Shams al-Dīn Muḥammad ibn Ḥasan al-Nawājī (d.1455) for which he obtained an ijāzah in ʻilm al-kitābah from Zayn al-Dīn ʻAbd al-Raḥmān ibn al-Ṣāʼigh al-Mukattib (d.1441 or 2) (see statement at opening on p.302).</subfield></datafield><datafield tag="538" ind1=" " ind2=" "><subfield code="a">Mode of access: Internet.</subfield></datafield><datafield tag="541" ind1=" " ind2=" "><subfield code="c">Purchase ;</subfield><subfield code="a">Acquired by purchase (funds donated by Horace Rackham).</subfield><subfield code="d">1924.</subfield></datafield><datafield tag="546" ind1=" " ind2=" "><subfield code="a">Arabic.</subfield></datafield><datafield tag="561" ind1=" " ind2=" "><subfield code="a">Inscriptions in pencil on verso of front flyleaf (p.2) "252 T. D. M. [i.e. Tammaro De Marinis]" and 'title page' (p.5) "126 " ; occasional marginal corrections ; ownership statement in margin of p.105 in name of Darwīsh Ṭāhir ibn ʻAbd al-Raḥīm Ṭāhir al-Makkī ("درويش طاهر ابن المرحوم عبد الرحيم طاهر ... المكي ") dated Muḥarram 1256 [March-April 1840] ; another former owner or reader's note in margin of p.213.</subfield></datafield><datafield tag="650" ind1=" " ind2="0"><subfield code="a">Manuscripts, Arabic</subfield><subfield code="z">Michigan</subfield><subfield code="z">Ann Arbor.</subfield></datafield><datafield tag="650" ind1=" " ind2="0"><subfield code="a">Arabic language</subfield><subfield code="x">Style</subfield><subfield code="v">Early works to 1800.</subfield></datafield><datafield tag="650" ind1=" " ind2="0"><subfield code="a">Arabic poetry</subfield><subfield code="y">1258-1800.</subfield></datafield><datafield tag="650" ind1=" " ind2="0"><subfield code="a">Arabic prose literature</subfield><subfield code="y">1258-1800.</subfield></datafield><datafield tag="655" ind1=" " ind2="7"><subfield code="a">Headpieces (layout features)</subfield><subfield code="y">18th century.</subfield><subfield code="2">aat</subfield></datafield><datafield tag="700" ind1="0" ind2=" "><subfield code="a">Abdülhamid</subfield><subfield code="b">II,</subfield><subfield code="c">Sultan of the Turks,</subfield><subfield code="d">1842-1918,</subfield><subfield code="e">former owner.</subfield></datafield><datafield tag="700" ind1="1" ind2="2"><subfield code="6">880-04</subfield><subfield code="a">Nawājī, Muḥammad ibn Ḥasan,</subfield><subfield code="d">1386-1455.</subfield><subfield code="t">Works.</subfield><subfield code="k">Selections.</subfield></datafield><datafield tag="740" ind1="0" ind2="2"><subfield code="6">880-05</subfield><subfield code="a">Risālah fī inshāʼ al-Shaykh Shams al-Dīn al-Nawājī</subfield></datafield><datafield tag="773" ind1="0" ind2=" "><subfield code="a">Abdul Hamid Collection.</subfield></datafield><datafield tag="880" ind1="0" ind2="2"><subfield code="6">740-05/</subfield><subfield code="a">رسالة في انشاء الشيخ شمس الدين النواجي</subfield></datafield><datafield tag="880" ind1="1" ind2="2"><subfield code="6">700-04/</subfield><subfield code="a">نواجي، محمد بن حسن.</subfield><subfield code="t">اعمال.</subfield><subfield code="k">مختارات.</subfield></datafield><datafield tag="880" ind1="1" ind2="0"><subfield code="6">245-03/</subfield><subfield code="a">[وسائل السائل مع رسالة في انشاء الشيخ شمس الدين النواجي،</subfield><subfield code="f">1132ه, 1719م].</subfield></datafield><datafield tag="880" ind1="0" ind2=" "><subfield code="6">100-01/</subfield><subfield code="a">بدر الدين الذهبي.</subfield></datafield><datafield tag="CID" ind1=" " ind2=" "><subfield code="a">006803025</subfield></datafield><datafield tag="DAT" ind1="0" ind2=" "><subfield code="a">20190719102636.0</subfield><subfield code="b">20190719000000.0</subfield></datafield><datafield tag="DAT" ind1="1" ind2=" "><subfield code="a">20190719090653.0</subfield><subfield code="b">2019-07-19T16:11:56Z</subfield></datafield><datafield tag="DAT" ind1="2" ind2=" "><subfield code="a">2015-10-10T18:00:06Z</subfield></datafield><datafield tag="CAT" ind1=" " ind2=" "><subfield code="a">SDR-MIU</subfield><subfield code="d">EX LIBRIS - ALEPH</subfield><subfield code="l">prepare.pl-004-008</subfield></datafield><datafield tag="FMT" ind1=" " ind2=" "><subfield code="a">BK</subfield></datafield><datafield tag="HOL" ind1=" " ind2=" "><subfield code="0">sdr-miu006803025</subfield><subfield code="a">MiU</subfield><subfield code="b">SDR</subfield><subfield code="c">MIU</subfield><subfield code="p">mdp.39015079126788</subfield><subfield code="s">MIU</subfield><subfield code="1">006803025</subfield></datafield><datafield tag="974" ind1=" " ind2=" "><subfield code="b">MIU</subfield><subfield code="c">MIU</subfield><subfield code="d">20190719</subfield><subfield code="s">lit-dlps-dc</subfield><subfield code="u">mdp.39015079126788</subfield><subfield code="y">1719</subfield><subfield code="r">pd</subfield><subfield code="q">bib</subfield><subfield code="t">non-US bib date1 &lt; 1896</subfield></datafield></record></collection>